
@incollection{klamer_linguistic_2014,
	address = {Berlin},
	title = {The linguistic position of the {Timor}-{Alor}-{Pantar} languages},
	copyright = {All rights reserved},
	shorttitle = {The linguistic position of the {Timor}-{Alor}-{Pantar} languages},
	booktitle = {Alor {Pantar} languages: {History} and {Typology}},
	publisher = {Language Sciences Press},
	author = {Holton, Gary and Robinson, Laura C.},
	editor = {Klamer, Marian},
	year = {2014},
	doi = {10.17169/langsci.b22.48},
	pages = {155--198}
}

@article{holton_unified_2017,
	title = {A unified system of spatial orientation in the {Austronesian} and non-{Austronesian} languages of {Halmahera}},
	volume = {62},
	copyright = {All rights reserved},
	shorttitle = {A unified system of spatial orientation in the {Austronesian} and non-{Austronesian} languages of {Halmahera}},
	journal = {NUSA},
	author = {Holton, Gary},
	year = {2017},
	keywords = {space, orientation, directionals},
	pages = {157--189}
}

@incollection{klamer_kinship_2014,
	address = {Berlin},
	title = {Kinship in the {Alor}-{Pantar} languages},
	copyright = {All rights reserved},
	shorttitle = {Kinship in the {Alor}-{Pantar} languages},
	booktitle = {Alor {Pantar} {Languages}: {History} and {Typology}},
	publisher = {Language Sciences Press},
	author = {Holton, Gary},
	editor = {Klamer, Marian},
	year = {2014},
	doi = {10.17169/langsci.b22.49},
	keywords = {kinship, Alor-Pantar},
	pages = {199--246}
}

@incollection{schapper_western_2014,
	address = {Canberra},
	title = {Western {Pantar}},
	copyright = {All rights reserved},
	shorttitle = {Western {Pantar}},
	url = {http://hdl.handle.net/11122/6906},
	booktitle = {The {Papuan} {Languages} of {Timor}, {Alor} and {Pantar}: {Volume} 1. {Sketch} {Grammars}},
	publisher = {Pacific Linguistics},
	author = {Holton, Gary},
	editor = {Schapper, Antoinette},
	year = {2014},
	keywords = {Alor-Pantar, EuroBABEL},
	pages = {23--96}
}

@incollection{mark_landscape_2011,
	address = {Amsterdam},
	series = {Culture and {Language} {Use}: {Studies} in {Anthropological} {Linguistics}},
	title = {Landscape in {Western} {Pantar}, a {Papuan} outlier of southern {Indonesia}},
	copyright = {All rights reserved},
	shorttitle = {Landscape in {Western} {Pantar}, a {Papuan} outlier of southern {Indonesia}},
	booktitle = {Landscape in {Language}},
	publisher = {John Benjamins},
	author = {Holton, Gary},
	editor = {Mark, David M. and Turk, Andrew G. and Burenhult, Niclas and Stea, David},
	year = {2011},
	keywords = {ethnogeography},
	pages = {143--166}
}

@book{arnold_tanacross_2009,
	address = {Fairbanks},
	title = {Tanacross {Learners}' {Dictionary}: {Dihtâad} {Xt}'een {Iin} {Anděg} {Dínahtl}'ǎa'},
	copyright = {All rights reserved},
	shorttitle = {Tanacross {Learners}' {Dictionary}: {Dihtâad} {Xt}'een {Iin} {Anděg} {Dínahtl}'ǎa'},
	url = {http://www.uaf.edu/anlc/tanacross/tld},
	publisher = {Alaska Native Language Center},
	author = {Arnold, Irene and Thoman, Richard and Holton, Gary},
	year = {2009},
	keywords = {dictionary, Tanacross}
}

@incollection{donohue_rise_2008,
	address = {Oxford},
	title = {The rise and fall of semantic alignment in {North} {Halmahera}, {Indonesia}},
	copyright = {All rights reserved},
	shorttitle = {The rise and fall of semantic alignment in {North} {Halmahera}, {Indonesia}},
	booktitle = {The {Typology} of {Semantic} {Alignment}},
	publisher = {Oxford University Press},
	author = {Holton, Gary},
	editor = {Donohue, Mark and Wichmann, Søren},
	year = {2008},
	keywords = {Tobelo, grammatical relations},
	pages = {252--276}
}